@article{Corcella:2003ib,
    author = "Corcella, Gennaro and Mitov, Alexander D.",
    title = "{Soft gluon resummation for heavy quark production in charged current deep inelastic scattering}",
    eprint = "hep-ph/0308105",
    archivePrefix = "arXiv",
    reportNumber = "MPP-2003-60",
    doi = "10.1016/j.nuclphysb.2003.10.027",
    journal = "Nucl. Phys. B",
    volume = "676",
    pages = "346--364",
    year = "2004"
}


@article{Aivazis:1993kh,
    author = "Aivazis, M. A. G. and Olness, Frederick I. and Tung, Wu-Ki",
    title = "{Leptoproduction of heavy quarks. 1. General formalism and kinematics of charged current and neutral current production processes}",
    eprint = "hep-ph/9312318",
    archivePrefix = "arXiv",
    reportNumber = "MSUHEP-93-15, SMU-HEP-93-16",
    doi = "10.1103/PhysRevD.50.3085",
    journal = "Phys. Rev. D",
    volume = "50",
    pages = "3085--3101",
    year = "1994"
}


@article{Aivazis:1993pi,
    author = "Aivazis, M. A. G. and Collins, John C. and Olness, Fredrick I. and Tung, Wu-Ki",
    title = "{Leptoproduction of heavy quarks. 2. A Unified QCD formulation of charged and neutral current processes from fixed target to collider energies}",
    eprint = "hep-ph/9312319",
    archivePrefix = "arXiv",
    reportNumber = "SMU-HEP-93-17, MSUHEP-93-17, PSU-TH-138",
    doi = "10.1103/PhysRevD.50.3102",
    journal = "Phys. Rev. D",
    volume = "50",
    pages = "3102--3118",
    year = "1994"
}


@article{Kretzer:1998ju,
    author = "Kretzer, S. and Schienbein, I.",
    title = "{Heavy quark initiated contributions to deep inelastic structure functions}",
    eprint = "hep-ph/9805233",
    archivePrefix = "arXiv",
    reportNumber = "DO-TH-98-05",
    doi = "10.1103/PhysRevD.58.094035",
    journal = "Phys. Rev. D",
    volume = "58",
    pages = "094035",
    year = "1998"
}


@article{Collins:1998rz,
    author = "Collins, John C.",
    title = "{Hard scattering factorization with heavy quarks: A General treatment}",
    eprint = "hep-ph/9806259",
    archivePrefix = "arXiv",
    reportNumber = "PSU-TH-198",
    doi = "10.1103/PhysRevD.58.094002",
    journal = "Phys. Rev. D",
    volume = "58",
    pages = "094002",
    year = "1998"
}


@article{Gluck:1996ve,
    author = "Gluck, M. and Kretzer, S. and Reya, E.",
    title = "{The Strange sea density and charm production in deep inelastic charged current processes}",
    eprint = "hep-ph/9603304",
    archivePrefix = "arXiv",
    reportNumber = "DO-TH-96-06",
    doi = "10.1016/0370-2693(96)00456-X",
    journal = "Phys. Lett. B",
    volume = "380",
    pages = "171--176",
    year = "1996",
    note = "[Erratum: Phys.Lett.B 405, 391 (1997)]"
}


@article{Kidonakis:2020gxo,
    author = "Kidonakis, Nikolaos",
    title = "{Soft anomalous dimensions and resummation in QCD}",
    eprint = "2008.09914",
    archivePrefix = "arXiv",
    primaryClass = "hep-ph",
    doi = "10.3390/universe6100165",
    journal = "Universe",
    volume = "6",
    number = "10",
    pages = "165",
    year = "2020"
}
